@article{lamport2001paxos,
  title={Paxos made simple},
  author={Lamport, Leslie},
  journal={ACM Sigact News},
  volume={32},
  number={4},
  pages={18--25},
  year={2001}
}

@inproceedings{chandra2007paxos,
  title={Paxos made live: an engineering perspective},
  author={Chandra, Tushar D and Griesemer, Robert and Redstone, Joshua},
  booktitle={Proceedings of the twenty-sixth annual ACM symposium on Principles of distributed computing},
  pages={398--407},
  year={2007},
  organization={ACM}
}

@inproceedings{hunt2010zookeeper,
  title={ZooKeeper: Wait-free Coordination for Internet-scale Systems.},
  author={Hunt, Patrick and Konar, Mahadev and Junqueira, Flavio Paiva and Reed, Benjamin},
  booktitle={USENIX Annual Technical Conference},
  volume={8},
  pages={9},
  year={2010}
}

@inproceedings{burrows2006chubby,
  title={The Chubby lock service for loosely-coupled distributed systems},
  author={Burrows, Mike},
  booktitle={Proceedings of the 7th symposium on Operating systems design and implementation},
  pages={335--350},
  year={2006},
  organization={USENIX Association}
}

@inproceedings{junqueira2011zab,
  title={Zab: High-performance broadcast for primary-backup systems},
  author={Junqueira, Flavio Paiva and Reed, Benjamin C and Serafini, Marco},
  booktitle={Dependable Systems \& Networks (DSN), 2011 IEEE/IFIP 41st International Conference on},
  pages={245--256},
  year={2011},
  organization={IEEE}
}

@article{van2002python,
  title={Python Reference Manual Release 2.2. 1},
  author={Van Rossum, Guido and Drake, Fred L},
  year={2002},
  publisher={Citeseer}
}

@online{junqueira2010partitioned,
  author={Junqueira, Flavio Paiva},
  year=2010,
  title = {Hadoop Wiki: Partitioned ZooKeeper},
  url={http://wiki.apache.org/hadoop/ZooKeeper/PartitionedZookeeper},
  urldate={2015-01-12}
}

@online{biligiri2014multiquorum,
  title={Improving Write Throughput Scalability of ZooKeeper by Partitioning Namespace},
  author={Biligiri, Pramod and Kar, Anita and Kanak, Anjali},
  year=2014,
  url={http://www.slideshare.net/pramodbiligiri/zookeeper-partitioningprojectreport},
  urldate={2015-01-12}
}

@book{hamill2004unit,
  title={Unit Test Frameworks: Tools for High-Quality Software Development},
  author={Hamill, Paul},
  year={2004},
  publisher={" O'Reilly Media, Inc."}
}
